@ARTICLE{pthreads, 
author = {IEEE},
journal={IEEE Std 1003.1, 2013 Edition (incorporates IEEE Std 1003.1-2008, and IEEE Std 1003.1-2008/Cor 1-2013)}, 
title="{Standard for Information TechnologyPortable Operating System Interface (POSIX(R)) Base Specifications, Issue 7}", 
year=2013, 
month={April}, 
pages={1-3906}, 
keywords={Application programming interfaces;File systems;IEEE standards;Information technology;Operating systems;CPU;FIFO;IEEE 1003.1;X/Open System Interface (XSI);application program interface (API);argument;asynchronous;basic regular expression (BRE);batch job;batch system;built-in utility;byte;child;command language interpreter;extended regular expression (ERE);file access control mechanism;input/output (I/O);job control;network;parent;portable operating system interface (POSIX);shell;stream;string;synchronous;system;thread}, 
doi={10.1109/IEEESTD.2013.6506091},}

@article{LalReps,
 author = {Lal, Akash and Reps, Thomas},
 title = "{Reducing Concurrent Analysis Under a Context Bound to Sequential Analysis}",
 journal = {Form. Methods Syst. Des.},
 issue_date = {August    2009},
 volume = {35},
 number = {1},
 month = aug,
 year = {2009},
 issn = {0925-9856},
 pages = {73--97},
 numpages = {25},
 url = {http://dx.doi.org/10.1007/s10703-009-0078-9},
 doi = {10.1007/s10703-009-0078-9},
 acmid = {1612945},
 publisher = {Kluwer Academic Publishers},
 address = {Hingham, MA, USA},
 keywords = {Concurrency, Context-bounding, Verification},
} 

@inproceedings{smack,
  title="{SMACK: Decoupling source language details from verifier implementations}",
  author={Rakamari{\'c}, Zvonimir and Emmi, Michael},
  booktitle={Computer Aided Verification},
  pages={106--113},
  year={2014},
  organization={Springer}
}

@MISC{boogie,
    author = {K. Rustan M. Leino},
    title = "{This is Boogie 2}",
    year = {2008}
}

@Inproceedings {corral,
author       = {Akash Lal and Shaz Qadeer and Shuvendu Lahiri},
booktitle    = {Computer-Aided Verification (CAV)},
month        = {July},
title        = "{Corral: A Solver for Reachability Modulo Theories}",
url          = {http://research.microsoft.com/apps/pubs/default.aspx?id=161927},
year         = {2012},
}


@TechReport{civl,
	author = {Stephen F. Siegel and Matthew B. Dwyer and Ganesh Gopalakrishnan 
	          and Ziqing Luo and Zvonimir Rakamaric and Rajeev Thakur 
	          and Manchun Zheng and Timothy K. Zirkel},
	title = "{{CIVL}: {T}he Concurrency {I}ntermediate {V}erification {L}anguage}",
	institution = {Department of Computer and Information Sciences,
	University of Delaware},
	year = {2014},
	number = {UD-CIS-2014/001}
}


@incollection{inspect,
  title="{Distributed dynamic partial order reduction based verification of threaded software}",
  author={Yang, Yu and Chen, Xiaofang and Gopalakrishnan, Ganesh and Kirby, Robert M},
  booktitle={Model Checking Software},
  pages={58--75},
  year={2007},
  publisher={Springer}
}
